<?xml version="1.0" encoding="UTF-8"?><collection xmlns="http://www.loc.gov/MARC21/slim"><record><leader>00413nam--2200121-i-4500</leader><controlfield tag="001">000008837</controlfield><controlfield tag="002">20161230</controlfield><controlfield tag="005">20161230201027</controlfield><controlfield tag="008">060222s1000------------r-----000-0-eng-d</controlfield><datafield ind1=" " ind2=" " tag="100"><subfield code="a">Wilde, M.De, Schmets, J.Et Garnir, H.G</subfield></datafield><datafield ind1=" " ind2=" " tag="245"><subfield code="a">Analylse functionelle. theorie constructive des espaces lineaires a semi-normes. t.1: theorie generale</subfield></datafield><datafield ind1=" " ind2=" " tag="260"><subfield code="a">Basel, Birkhauser Verlag, 1968</subfield></datafield><datafield ind1=" " ind2=" " tag="490"><subfield code="a">Mathematische Reihe, Bd.36</subfield></datafield></record></collection>